@Misc{switchwarewww,
  key =		 {Switchware},
  OPTauthor = 	 {},
  title = 	 {The {S}witch{W}are Project.  \url{http://www.cis.upenn.edu/~switchware}},
  OPThowpublished = {},
  year =         {2001},
  OPTmonth = 	 {},
  OPTnote = 	 {},
  OPTannote = 	 {}
}

@InProceedings{TLK96,
  author = 	 {Bent Thomsen and Lone Leth and Tsung-Min Kuo},
  title = 	 {A {F}acile Tutorial},
  booktitle = 	 {Proceedings of CONCUR '96. LNCS 1119},
  OPTcrossref =  {CONCUR96},
  OPTkey = 	 {},
  OPTeditor = 	 {},
  OPTvolume = 	 {},
  OPTnumber = 	 {},
  OPTseries = 	 {},
  year =	 {1996},
  OPTorganization = {},
  publisher =	 {Springer-Verlag},
  OPTaddress = 	 {},
  month =	 aug,
  pages =	 {278--298},
  OPTnote = 	 {},
  OPTannote = 	 {}
}

@inproceedings{Rep91,
author       =   "John Reppy",
title        =   "{CML}: A Higher-Order Concurrent Language",
booktitle    =   "Programming Language Design and Implementation",
year         =   "1991",
pages        =   "293--259",
organization =   "SIGPLAN",
publisher    =   "ACM",
month        =   jun
}


 
@book{occam87,
  author =       {INMOS},
  title =        {{O}ccam2 Reference Manual},
  publisher =    {Prentice-Hall},
  year =         {1987},
  OPTkey =       {},
  OPTeditor =    {},
  OPTvolume =    {},
  OPTnumber =    {},
  OPTseries =    {},
  OPTaddress =   {},
  OPTedition =   {},
  OPTmonth =     {},
  OPTnote =      {},
  OPTannote =    {}
}


@Article{WS00,
  author = 	 {Pawe{\l} T. Wojciechowski and Peter Sewell},
  title = 	 {{N}omadic {P}ict: Language and Infrastructure Design for Mobile Agents},
  journal = 	 {{IEEE} {C}oncurrency},
  year = 	 {2000},
  OPTkey = 	 {},
  volume =       {8},
  number =       {2},
  month =        {April--June},
  pages =        {42--52},
  OPTnote =	 {Invited submission for ASA/MA 99.},
  OPTannote = 	 {}
}


@InProceedings(AG97,
  author        = "Mart{\'{\i}}n Abadi and Andrew D. Gordon",
  title         = "A Calculus for Cryptographic Protocols: The Spi Calculus",
  booktitle     = "Proceedings of the Fourth ACM Conference on Computer and
                  Communications Security, Z{\"u}rich",
  year          = 1997,
  pages         = "36--47",
  month         =apr,
  publisher     = "ACM Press",
  OPTnote          = "Long version as Technical Report 414, University of
                  Cambridge"
)

@InProceedings{Bia94,
  author = 	 {Edoardo Biagioni},
  title = 	 {A Structured {TCP} in Standard {ML}},
  booktitle = 	 {Proceedings of SIGCOMM 94},
  OPTcrossref =  {},
  OPTkey = 	 {},
  OPTeditor = 	 {},
  OPTvolume = 	 {},
  OPTnumber = 	 {},
  OPTseries = 	 {},
  year =	 {1994},
  OPTorganization = {},
  OPTpublisher = {},
  OPTaddress = 	 {},
  OPTmonth = 	 {},
  OPTpages = 	 {},
  OPTnote = 	 {},
  OPTannote = 	 {}
}

% This one is a general overview, not TCP/IP specifically.
@TECHREPORT{harper+:fox-98,
  author      = "Robert Harper and Peter Lee and Frank Pfenning",
  title       =  "The {Fox} Project: Advanced Language Technology for
                  Extensible Systems",
  institution =  "School of Computer Science, Carnegie Mellon University",
  year        =  "1998",
  number      =  "CMU-CS-98-107",
  address     =  "Pittsburgh, PA",
  month       =  jan,
  OPTnote        =  "(Also published as Fox Memorandum CMU-CS-FOX-98-02)"
}


@InProceedings{CG98,
  author = 	 {Luca Cardelli and Andrew D. Gordon},
  title = 	 {Mobile Ambients},
  booktitle = 	 {Proc. of Foundations of
     Software Science and Computation Structures (FoSSaCS),  ETAPS'98, LNCS 1378},
  OPTcrossref =  {},
  OPTkey = 	 {},
  OPTeditor = 	 {},
  OPTvolume = 	 {},
  OPTnumber = 	 {},
  OPTseries = 	 {},
  year =	 {1998},
  OPTorganization = {},
  OPTpublisher = {},
  OPTaddress = 	 {},
  month =	 mar,
  pages =	 {140--155},
  note =	 {},
  OPTannote = 	 {}
}


@InProceedings{FG96,
  author = 	 {C{\'e}dric Fournet and Georges Gonthier},
title        =   {The Reflexive {CHAM}
                  and the Join-Calculus},
  booktitle    = {Proceedings of the 23rd POPL},
  OPTkey = 	 {},
  OPTeditor = 	 {},
  OPTvolume = 	 {},
  OPTnumber = 	 {},
  OPTseries = 	 {},
  year =	 {1996},
  OPTorganization = {},
  publisher =	 {ACM press},
  OPTaddress = 	 {},
  month =	 jan,
  pages =	 {372--385},
  note =	 {},
  OPTannote = 	 {}
}

@PhdThesis{Hay98,
  author = 	 {Mark Hayden},
  title = 	 {The Ensemble System},
  school = 	 {Cornell University},
  year = 	 {1998},
  OPTkey = 	 {},
  OPTaddress = 	 {},
  OPTtype = 	 {},
  month =	 jan,
  note =	 {Technical Report TR98-1662},
  OPTannote = 	 {}
}

@Book{Lyn96,
  author = 	 {Nancy A. Lynch},
  title = 	 {Distributed algorithms},
  publisher = 	 {Morgan Kaufmann},
  year = 	 {1996},
  OPTkey = 	 {},
  OPTeditor = 	 {},
  OPTvolume = 	 {},
  OPTnumber = 	 {},
  OPTseries = 	 {},
  OPTaddress = 	 {},
  OPTedition = 	 {},
  OPTmonth = 	 {},
  OPTnote = 	 {},
  OPTannote = 	 {}
}
@article{MPW92,
        author =        {R. Milner and J. Parrow and D. Walker},
        year =          1992,
        title =         {A Calculus of Mobile Processes, {Parts I + II}},
        journal =       {Information and Computation},
        volume =        100,
        number =        1,
        pages =         {1--77}
}

% Decide later which one to use.
@Article(         milner.parrow.ea:calculus-mobile,
  author        = "Robin Milner and Joachim Parrow and David Walker",
  title         = "A Calculus of Mobile Processes, {P}arts {I} and {II}",
  journal       = jic,
  year          = "1992",
  volume        = "100",
  pages         = "1-77",
  month         = sep
)

% The above was taken from Peter's bib.bib.

@Book{stevens1994a,
  author =	 "W. Richard Stevens",
  title = 	 "{TCP/IP} Illustrated: The Protocols",
  publisher = 	 "Addison--Wesley",
  year = 	 1994,
  volume =	 1,
  series =	 "Addison--Wesley Professional Computing Series",
  holder =	 "book"
}

@Book{stevens1998a,
  author =       "W. Richard Stevens",
  title =        "{UNIX} Network Programming, Networking {API}s: Sockets and
                  {XTI}",
  volume =       1,
  edition =      "Second",
  publisher =    "Prentice Hall",
  year =         1998,
  holder =       "book"
}

@InProceedings{MartinB:twophacpiaepc,
  author = 	 {Martin Berger and Kohei Honda},
  title = 	 {The Two-Phase Commit Protocol in an Extended $\pi$-Calculus},
  booktitle = 	 {Proceedings of the 7th International Workshop on Expressiveness in Concurrency, EXPRESS '00},
  OPTcrossref =  {},
  OPTkey = 	 {},
  OPTpages = 	 {},
  year = 	 {2000},
  OPTeditor = 	 {Luca Aceto and Bj\"orn Victor},
  OPTvolume = 	 {},
  OPTnumber = 	 {},
  OPTseries = 	 {},
  OPTaddress = 	 {},
  OPTmonth = 	 aug,
  OPTorganization = {},
  OPTpublisher = {},
  OPTnote = 	 {The final proceedings will appear as volume 39 in the ENTCS series, which can be found at www.elsevier.nl/locate/entcs/volume39.html. The preliminary proceedings are available at http://www.brics.dk/NS/00/2/index.html},
  OPTannote = 	 {}
}

@Book{mthm97-for-dart,
  AUTHOR     = {Milner, Robin and Tofte, Mads and Harper, Robert and
                MacQueen, David},
  YEAR       = {1997},
  TITLE      = {The {Definition} of {Standard ML} (Revised)},
  PUBLISHER  = {The MIT Press},
  SEMNO      = {D-346},
  PUF        = {Bog},
  ID         = {Bog}
}

@InProceedings{Sew-pict-concur,
  author = 	 {Peter Sewell},
  title = 	 {On Implementations and Semantics of a Concurrent Programming Language},
  booktitle = 	 {Proceedings of CONCUR '97. LNCS 1243},
  OPTcrossref =  {},
  OPTkey = 	 {},
  OPTeditor = 	 {},
  OPTvolume = 	 {},
  OPTnumber = 	 {},
  OPTseries = 	 {},
  year =	 {1997},
  OPTorganization = {},
  OPTpublisher =	 {Springer-Verlag},
  OPTaddress = 	 {},
  OPTmonth = 	 {},
  pages =	 {391--405},
  OPTnote =	 {},
  OPTannote = 	 {}
}

@Misc{linux-kernel,
  OPTkey =       {},
  author =    {L. Torvalds et al.},
  title =     {Linux kernel sources v 2.2.16},
  OPThowpublished = {},
  year =      {1991-2001},
  OPTmonth =     {},
  OPTnote =      {},
  OPTannote =    {}
}

@Article{Remy-Vouillon!tapos,
author     = "Didier R{\'e}my and J{\'e}r{\^o}me Vouillon",
  title =        "Objective {ML}: 
                  An effective object-oriented extension to {ML}",
  journal =      "Theory And Practice of Object Systems",
  year =         1998,
  volume =    "4",
  number =    "1",
  pages =     "27--50",
  note =      {A preliminary version appeared in the proceedings
                  of the 24th ACM Conference on Principles
 	          of Programming Languages, 1997}
}

@misc{postel80user,
    author = "J. Postel",
    title = "User {D}atagram {P}rotocol, {STD} 6, {RFC} 768",
    howpublished = "Internet Engineering Task Force",
    year = "1980",
    month = aug,
    note = "\url{http://www.ietf.org/rfc.html}",
}

@misc{postel81internet,
    author = "J. Postel",
    title = "Internet {P}rotocol, {STD} 6, {RFC} 791",
    howpublished = "Internet Engineering Task Force",
    year = "1981",
    month = sep,
    note = "\url{http://www.ietf.org/rfc.html}",
}

@misc{braden89requirements1,
    author = "R. Braden",
    title = "Requirements for Internet Hosts -- Communication Layers, {STD} 3, {RFC} 1122",
    howpublished = "Internet Engineering Task Force",
    year = "1989",
    month = oct,
    note = "\url{http://www.ietf.org/rfc.html}",
}

@misc{rfc1812,
    author = "F. Baker",
    title = "Requirements for {IP} Version 4 Routers",
    howpublished = "Internet Engineering Task Force",
    year = "1995",
    month = jun,
    note = "\url{http://www.ietf.org/rfc.html}",
}

@InProceedings(   honda.tokoro:object-calculus,
  author        = "Kohei Honda and Mario Tokoro",
  title         = "An Object Calculus for Asynchronous Communication",
  booktitle = 	 {Proceedings of ECOOP '91, LNCS 512},
  OPTcrossref =  {},
  OPTkey = 	 {},
  OPTeditor =	 {Pierre America},
  OPTvolume = 	 {},
  OPTnumber = 	 {},
  OPTseries = 	 {},
  year =	 {1991},
  OPTorganization = {},
  OPTpublisher = {},
  OPTaddress = 	 {},
  month =	 jul,
  pages         = "133--147",
  OPTnote = 	 {},
  OPTannote = 	 {}
)

@incollection{PT00,
  author      = "Benjamin C. Pierce and David N. Turner",
  title       = "Pict: A Programming Language Based on the Pi-Calculus",
  year        = "2000",
  booktitle   = "Proof, Language and Interaction: Essays in Honour of Robin Milner", 
  editors     = "Gordon Plotkin, Colin Stirling, and Mads Tofte", 
  publisher   = "MIT Press"
  }

 @Article{JACM::ChandraT1996,
  title =        "Unreliable Failure Detectors for Reliable Distributed
                 Systems",
  author =       "Tushar Deepak Chandra and Sam Toueg",
  area =         "Distributed Computing",
  journal =      "Journal of the ACM",
  pages =        "225--267",
  month =        mar,
  year =         "1996",
  volume =       "43",
  number =       "2"}

@InProceedings { arts99verifying,
    author = "Thomas Arts and Mads Dam",
    title = "Verifying a Distributed Database Lookup Manager Written in {E}rlang",
    booktitle = "World Congress on Formal Methods (1)",
    pages = "682-700",
    year = "1999",
    url = "citeseer.nj.nec.com/arts99verifying.html"
}

@misc{ lampson93reliable,
    author = "Butler W. Lampson",
    title  = "Reliable Messages and Connection Establishment",
    howpublished = "In Sape Mullender, editor, Distributed
       Systems. ACM Press and Addison-Wesley, chapter 10, pages 251-281",
    year = "1993"}


@InProceedings{RielyH1997, 
title={Distributed Processes and Location Failures}, 
author={James Riely and Matthew Hennessy}, 
booktitle={Automata, Languages and Programming},
address={Bologna, Italy}, 
month={7--11~} # jul, 
year=1997, 
series={LNCS},
volume=1256, 
publisher={Springer-Verlag}, 
comment={ISBN 3-540-63165-8}, 
pages={471--481}, 
source={http://theory.lcs.mit.edu/~dmjones/hbp/bibs/ley/icalp/icalp.bib} 
} 


@InProceedings{amadio94localities,
    title = "Localities and failures",
    author = "R. Amadio and S. Prasad",
    booktitle={Foundations of Software Technology and Theoretical Computer Science},
    volume=880,
    series={LNCS},
    publisher={Springer-Verlag}, 
    year = "1994"
}

@InProceedings{SWP98,
  author = 	 {Peter Sewell and Pawe{\l} T. Wojciechowski
                  and  Benjamin C. Pierce},
  title = 	 {Location Independence for Mobile Agents},
  booktitle = 	 {Workshop on Internet Programming Languages, Chicago},
  OPTcrossref =  {},
  OPTkey = 	 {},
  OPTeditor = 	 {},
  OPTvolume = 	 {},
  OPTnumber = 	 {},
  OPTseries = 	 {},
  year =	 {1998},
  OPTorganization = {},
  OPTpublisher = {},
  OPTaddress = 	 {},
  month =	 may,
  OPTpages = 	 {},
  OPTnote = 	 {},
  OPTannote = 	 {}
}

@InProceedings{FGLMR96,
  author = 	 {C{\'e}dric Fournet and Georges Gonthier and
		  Jean-Jacques L{\'e}vy and Luc Maranget and Didier R{\'e}my},
  title        =   {A Calculus of Mobile Agents},
  booktitle    =   "Proceedings of CONCUR '96",
  OPTcrossref =     {},
  OPTkey = 	 {},
  OPTeditor = 	 {},
  volume = 	 {1119},
  OPTnumber = 	 {},
  series = 	 {LNCS},
  year =	 {1996},
  OPTorganization = {},
  publisher =	 {Springer-Verlag},
  OPTaddress = 	 {},
  month =	 aug,
  pages =	 {406--421},
  note =	 {},
  OPTannote = 	 {}
}

@Misc{IOAUserRefManual,
  OPTkey =       {},
  author =    {S. J. Garland and N. Lynch and Mandana Vaziri},
  title =     {I{OA}: A Language for Specifying, Programming and Validating Distributed Systems},
  howpublished = {Reference guide},
  year =      {2000},
  month =     dec,
  note =      {Available \url{http://nms.lcs.mit.edu/~garland/IOA/}},
  OPTannote =    {}
}

@article{lamport94temporal,
    author = "Leslie Lamport",
    title = "The Temporal Logic of Actions",
    journal = "ACM Transactions on Programming Languages and Systems",
    volume = "16",
    number = "3",
    month = may,
    publisher = "ACM Press",
    pages = "872--923",
    year = "1994",
    url = "citeseer.nj.nec.com/lamport94temporal.html"
}


@Misc{4.2BSD,
  OPTkey =       {},
  author =    {{University of California at Berkeley} {CSRG}},
  title =     {{4.2BSD}},
  OPThowpublished = {},
  OPTmonth =     {},
  year =      {1983},
  OPTnote =      {},
  OPTannote =    {}
}

@TechReport{longversion,
  author =       {Andrei Serjantov and Peter Sewell and Keith Wansbrough},
  title =        {The {UDP} Calculus: Rigorous Semantics for Real Networking},
  institution =  {University of Cambridge Computer Laboratory},
  year =         {2001},
  OPTkey =       {},
  OPTtype =      {},
  OPTnumber =    {},
  OPTaddress =   {},
  OPTmonth =     {},
  note =      {Draft available \url{http://www.cl.cam.ac.uk/users/pes20/Netsem/}},
  OPTannote =    {}
}

@Book{posix-api,
  author =    {IEEE},
  title =        {Information Technology---Portable Operating System Interface
                  (POSIX)---Part 1: System Application Program Interface (API)
                  [C Language], IEEE Std 1003.1},
  publisher =    {Institute of Electrical and Electronics Engineers},
  year =         {1996},
  OPTkey =       {},
  OPTvolume =    {},
  OPTnumber =    {},
  OPTseries =    {},
  OPTaddress =   {},
  edition =   {1996},
  month =     jul,
  OPTnote =      {},
  OPTannote =    {}
}

@Book{posix-1g,
  author =    {IEEE},
  title =        {Information Technology---Portable Operating System Interface
                  (POSIX)---Part xx: Protocol Independent Interfaces (PII),
                  P1003.1g},
  publisher =    {Institute of Electrical and Electronics Engineers},
  year =         {2000},
  OPTkey =       {},
  OPTvolume =    {},
  OPTnumber =    {},
  OPTseries =    {},
  OPTaddress =   {},
  OPTedition =   {},
  month =     mar,
  OPTnote =      {},
  OPTannote =    {}
}

@Manual{ocaml300,
  title =        {The Objective-Caml System, Release 3.00},
  OPTkey =       {},
  author =    {Xavier Leroy and others},
  organization = {INRIA},
  OPTaddress =   {},
  OPTedition =   {},
  month =     apr # " 27",
  year =      {2000},
  note =      {Available \url{http://caml.inria.fr/ocaml/}},
  OPTannote =    {}
}


@Book{Mullender:93,
  author =       "Sape J. Mullender",
  title =        "{Distributed Systems}",
  publisher =    "{ACM} Press",
  year =         "1993",
  OPTabstract =     "This book is a compilation of various essays by
                 researchers in the Distributed Systems field. It covers
                 the motivation behind distributed systems, describes
                 different communication aspects (e.g., RPC), discusses
                 naming and security issues, data storage, and
                 transaction processing management.",
}


@InProceedings{CS00,
  author = 	 {Gian Luca Cattani and Peter Sewell},
  title = 	 {Models for Name-Passing Processes: Interleaving and Causal (Extended Abstract)},
  booktitle = 	 {Proceedings of LICS 2000: the 15th IEEE Symposium on Logic in Computer Science (Santa Barbara) },
  OPTcrossref =  {},
  OPTkey = 	 {},
  OPTeditor = 	 {},
  OPTvolume = 	 {},
  OPTnumber = 	 {},
  OPTseries = 	 {},
  year =	 {2000},
  OPTorganization = {},
  OPTpublisher = {},
  OPTaddress = 	 {},
  month =	 jun,
  pages =        {322--333},
  OPTnote =	 {},
  OPTannote = 	 {}
}


@InProceedings{BCMG01,
  author = "Karthikeyan Bhargavan and Satish Chandra and Peter J. McCann and Carl A. Gunter",
  title = "What Packets May Come: Automata for Network Monitoring",
  booktitle =    {Proc. POPL 2001},
  OPTcrossref =  {},
  OPTkey =       {},
  OPTeditor =    {},
  OPTvolume =    {},
  OPTnumber =    {},
  OPTseries =    {},
  year =         {2001},
  OPTorganization = {},
  OPTpublisher = {},
  OPTaddress =   {},
  month =        jan,
  OPTpages =     {},
  OPTnote =      {},
  OPTannote =    {}
}
